%MULEs in sparse sensor networks Introduction-------------------------------------------------------------------------------------------

@INPROCEEDINGS{intro1,
author={Shah, R.C. and Roy, S. and Jain, S. and Brunette, W.},
booktitle={Sensor Network Protocols and Applications, 2003. Proceedings of the First IEEE. 2003 IEEE International Workshop on},
title={Data MULEs: modeling a three-tier architecture for sparse sensor networks},
year={2003},
month={May},
pages={30-41},
keywords={mobile computing;sensor fusion;transceivers;wireless LAN;access points;buffer capacities;data MULEs;data success rate;mobile entities;performance metrics;sparse sensor networks;system variables;three-tier architecture;two-dimensional random walk;Analytical models;Base stations;Capacitive sensors;Costs;Data analysis;Delay;Monitoring;Power system modeling;Telecommunication traffic;Wireless sensor networks},
doi={10.1109/SNPA.2003.1203354},}

@inproceedings{intro2,
 author = {Pantziou, Grammati and Mpitziopoulos, Aristides and Gavalas, Damianos and Konstantopoulos, Charalampos and Mamalis, Basilis},
 title = {Mobile Sinks for Information Retrieval from Cluster-Based WSN Islands},
 booktitle = {Proceedings of the 8th International Conference on Ad-Hoc, Mobile and Wireless Networks},
 series = {ADHOC-NOW '09},
 year = {2009},
 isbn = {978-3-642-04382-6},
 location = {Murcia, Spain},
 pages = {213--226},
 numpages = {14},
 url = {http://dx.doi.org/10.1007/978-3-642-04383-3_16},
 doi = {10.1007/978-3-642-04383-3_16},
 acmid = {1618252},
 publisher = {Springer-Verlag},
 address = {Berlin, Heidelberg},
}

@INPROCEEDINGS{intro3,
author={Tzung-Cheng Chen and Tzung-Shi Chen and Ping-Wen Wu},
booktitle={Wireless Days, 2008. WD '08. 1st IFIP},
title={Data collection in wireless sensor networks assisted by mobile collector},
year={2008},
month={Nov},
pages={1-5},
keywords={mobile radio;scheduling;telecommunication congestion control;telecommunication network routing;wireless sensor networks;NS-2 simulator;base station;battery depletion;data collection;data routing;dynamic-moving-based scheduling;global-based approach;local-based approach;location-based scheduling;mobile collector;partitioned-islanded WSN;time-based scheduling;wireless sensor networks;Base stations;Batteries;Computational modeling;Computer network management;Costs;Dynamic scheduling;Mobile computing;Navigation;Satellite broadcasting;Wireless sensor networks;data aggregation;data collection;mobile collector;mobile computing;wireless sensor networks},
doi={10.1109/WD.2008.4812895},}

@article{intro4,
 author = {Ba, He and Demirkol, Ilker and Heinzelman, Wendi},
 title = {Passive Wake-up Radios: From Devices to Applications},
 journal = {Ad Hoc Netw.},
 issue_date = {November, 2013},
 volume = {11},
 number = {8},
 month = nov,
 year = {2013},
 issn = {1570-8705},
 pages = {2605--2621},
 numpages = {17},
 url = {http://dx.doi.org/10.1016/j.adhoc.2013.08.004},
 doi = {10.1016/j.adhoc.2013.08.004},
 acmid = {2535089},
 publisher = {Elsevier Science Publishers B. V.},
 address = {Amsterdam, The Netherlands, The Netherlands},
 keywords = {Energy efficiency, Mobile sinks, RFID, Radio wake-up, Wireless sensor networks},
}

@article{dutyCycle1,
 author = {Ning, Xu and Cassandras, Christos G.},
 title = {Dynamic Sleep Time Control in Wireless Sensor Networks},
 journal = {ACM Trans. Sen. Netw.},
 issue_date = {June 2010},
 volume = {6},
 number = {3},
 month = jun,
 year = {2010},
 issn = {1550-4859},
 pages = {21:1--21:37},
 articleno = {21},
 numpages = {37},
 url = {http://doi.acm.org/10.1145/1754414.1754417},
 doi = {10.1145/1754414.1754417},
 acmid = {1754417},
 publisher = {ACM},
 address = {New York, NY, USA},
 keywords = {Energy management, Learning, low-power listening, stochastic processes},
} 

@article{dutyCycle2,
 author = {Jurdak, Raja and Baldi, Pierre and Videira Lopes, Cristina},
 title = {Adaptive Low Power Listening for Wireless Sensor Networks},
 journal = {IEEE Transactions on Mobile Computing},
 issue_date = {August 2007},
 volume = {6},
 number = {8},
 month = aug,
 year = {2007},
 issn = {1536-1233},
 pages = {988--1004},
 numpages = {17},
 url = {http://dx.doi.org/10.1109/TMC.2007.1037},
 doi = {10.1109/TMC.2007.1037},
 acmid = {1272134},
 publisher = {IEEE Educational Activities Department},
 address = {Piscataway, NJ, USA},
 keywords = {Cross-layer, Cross-layer, framework, cost function, routing, medium access control, state information, test-bed, energy, power., cost function, energy, framework, medium access control, power., routing, state information, test-bed},
} 

@article{application1,
Author = "M. Todd and D. Mascarenas and E. Flynn and T. Rosing and B. Lee and D. Mu-
siani and S. Dasgupta and S. Kpotufe and D. Hsu and R. Gupta and G. Park and T. Overly and M. Nothnagel and C. Farrar",
title = "A Different Approach to Sensor Networking for SHM: Remote Powering and Interrogation with Unmanned Aerial Vehicles",
journal = "Proc. of the 6th International Workshop on Structural Health Monitoring",
year = "2007"
}

@misc{application2,
  title = {Underwater Robots Track Oil and Ocean Life},
  howpublished = {{http://spectrum.ieee.org/podcast/robotics/industrial-robots/underwater-robots-track-oil-and-ocean-life}},
 note = {Accessed: 09/07/2014}
}

@article{application3,
 author = {Akyildiz, I. F. and Su, W. and Sankarasubramaniam, Y. and Cayirci, E.},
 title = {Wireless Sensor Networks: A Survey},
 journal = {Comput. Netw.},
 issue_date = {15 March 2002},
 volume = {38},
 number = {4},
 month = mar,
 year = {2002},
 issn = {1389-1286},
 pages = {393--422},
 numpages = {30},
 url = {http://dx.doi.org/10.1016/S1389-1286(01)00302-4},
 doi = {10.1016/S1389-1286(01)00302-4},
 acmid = {585777},
 publisher = {Elsevier North-Holland, Inc.},
 address = {New York, NY, USA},
 keywords = {ad hoc networks, application layer, data link layer, error control, medium access control, networking layer, physical layer, power aware protocols, routing, transport layer, wireless sensor networks},
} 

@ARTICLE{application4,
author={Jun-Hong Cui and Jiejun Kong and Gerla, M. and Shengli Zhou},
journal={Network, IEEE},
title={The challenges of building mobile underwater wireless networks for aquatic applications},
year={2006},
month={May},
volume={20},
number={3},
pages={12-18},
keywords={acoustic signal processing;mobile communication;protocols;underwater acoustic communication;wireless sensor networks;acoustic communications;aquatic applications;layered protocol stack;mobile acoustic network protocol design;mobile underwater wireless networks;signal processing;top-down approach;Bandwidth;Buildings;Error probability;Large-scale systems;Mobile communication;Physical layer;Propagation delay;Protocols;Wireless networks;Wireless sensor networks},
doi={10.1109/MNET.2006.1637927},
ISSN={0890-8044},}

%Sparse sensor network Example----------------------------------------------------------------------------------------
@inproceedings{sparseEx,
 author = {Mainwaring, Alan and Culler, David and Polastre, Joseph and Szewczyk, Robert and Anderson, John},
 title = {Wireless Sensor Networks for Habitat Monitoring},
 booktitle = {Proceedings of the 1st ACM International Workshop on Wireless Sensor Networks and Applications},
 series = {WSNA '02},
 year = {2002},
 isbn = {1-58113-589-0},
 location = {Atlanta, Georgia, USA},
 pages = {88--97},
 numpages = {10},
 url = {http://doi.acm.org/10.1145/570738.570751},
 doi = {10.1145/570738.570751},
 acmid = {570751},
 publisher = {ACM},
 address = {New York, NY, USA},
 keywords = {environmental monitoring, habitat monitoring, low power systems, sensor network architecture, wireless sensor networks},
}
%-------------------------------------------------------------------------------------------------------------------------------

%Relay nodes survey--------------------------------------------------------------------------------------------
@INPROCEEDINGS{relayNodes,
author={Vallimayil, A and Dhulipala, V.R.S. and Raghunath, K.M.K. and Chandrasekaran, R. M.},
booktitle={Electronics Computer Technology (ICECT), 2011 3rd International Conference on},
title={Role of relay node in Wireless Sensor Network: A survey},
year={2011},
month={April},
volume={5},
pages={160-167},
keywords={relays;sensor placement;wireless sensor networks;network energy consumption;potential relay node deployment method;research-level review;sensor deployment;wireless sensor network;Accuracy;Algorithm design and analysis;Energy consumption;Fault tolerance;Fault tolerant systems;Relays;Wireless sensor networks;ICS;IRS;RCS;Relay node;Wireless sensor network},
doi={10.1109/ICECTECH.2011.5941977},}
%----------------------------------------------------------------------------------------------------------------

%Routing protocos survey----------------------------------------------------------------------------------------
@ARTICLE{routingSurvey,
    author = {Kemal Akkaya and Mohamed Younis},
    title = {A survey on routing protocols for wireless sensor networks},
    journal = {Ad Hoc Networks},
    year = {2005},
    volume = {3},
    pages = {325--349}
}
%------------------------------------------------------------------------------------------------------------

%---------------------------------------------------------------------
%for justifying the use of MULEs in Sparse sensor networks

@inproceedings{predictable1,
 author = {Chakrabarti, Arnab and Sabharwal, Ashutosh and Aazhang, Behnaam},
 title = {Using Predictable Observer Mobility for Power Efficient Design of Sensor Networks},
 booktitle = {Proceedings of the 2Nd International Conference on Information Processing in Sensor Networks},
 series = {IPSN'03},
 year = {2003},
 isbn = {3-540-02111-6},
 location = {Palo Alto, CA, USA},
 pages = {129--145},
 numpages = {17},
 url = {http://dl.acm.org/citation.cfm?id=1765991.1766001},
 acmid = {1766001},
 publisher = {Springer-Verlag},
 address = {Berlin, Heidelberg},
} 

@ARTICLE{sencar,
author={Ming Ma and Yuanyuan Yang},
journal={Parallel and Distributed Systems, IEEE Transactions on},
title={SenCar: An Energy-Efficient Data Gathering Mechanism for Large-Scale Multihop Sensor Networks},
year={2007},
month={Oct},
volume={18},
number={10},
pages={1476-1488},
keywords={mobile robots;resource allocation;wireless sensor networks;SenCar;energy-efficient data gathering;large-scale multihop sensor networks;mobile base station;mobile data observer;mobile robot;obstacle avoidance;static data processing center;traffic load balancing;Base stations;Battery powered vehicles;Data processing;Energy efficiency;Large-scale systems;Mobile robots;Relays;Spread spectrum communication;Telecommunication traffic;Transceivers;SenCar;data gathering;load balancing;wireless sensor networks},
doi={10.1109/TPDS.2007.1070},
ISSN={1045-9219},}

%%survey%%

@article{muleSurvey,
 author = {Di Francesco, Mario and Das, Sajal K. and Anastasi, Giuseppe},
 title = {Data Collection in Wireless Sensor Networks with Mobile Elements: A Survey},
 journal = {ACM Trans. Sen. Netw.},
 issue_date = {August 2011},
 volume = {8},
 number = {1},
 month = aug,
 year = {2011},
 issn = {1550-4859},
 pages = {7:1--7:31},
 articleno = {7},
 numpages = {31},
 url = {http://doi.acm.org/10.1145/1993042.1993049},
 doi = {10.1145/1993042.1993049},
 acmid = {1993049},
 publisher = {ACM},
 address = {New York, NY, USA},
 keywords = {Data collection, data communication, data forwarding, discovery, mobile elements, motion control, power management},
}

%--------------------------------------------------------------------------------------------------------------------------

%for showing that load balancing is important-----------------------------------------------------------------------------------

@inproceedings{loadBalance,
 author = {Jea, David and Somasundara, Arun and Srivastava, Mani},
 title = {Multiple Controlled Mobile Elements (Data Mules) for Data Collection in Sensor Networks},
 booktitle = {Proceedings of the First IEEE International Conference on Distributed Computing in Sensor Systems},
 series = {DCOSS'05},
 year = {2005},
 isbn = {3-540-26422-1, 978-3-540-26422-4},
 location = {Marina del Rey, CA},
 pages = {244--257},
 numpages = {14},
 url = {http://dx.doi.org/10.1007/11502593_20},
 doi = {10.1007/11502593_20},
 acmid = {2103322},
 publisher = {Springer-Verlag},
 address = {Berlin, Heidelberg},
} 

%-----------------------------------------------------------------------------------------------------------------------------

%clique partitioning problem------------------------------------------------------------------------------------------------------
@article{minCliquePartition,
  author = {Ji, Xiaoyun and Mitchell, John E.},
  title = {The Clique Partition Problem with Minimum Clique Size Requirement},
  journal = {},
  year = {2005},
  volume = {},
  pages = {}
}
%--------------------------------------------------------------------------------------------------------------------------------------

@ARTICLE{roboPlan,
author={Chakraborty, N. and Akella, S. and Wen, J.T.},
journal={Automation Science and Engineering, IEEE Transactions on},
title={Coverage of a Planar Point Set With Multiple Robots Subject to Geometric Constraints},
year={2010},
month={Jan},
volume={7},
number={1},
pages={111-122},
keywords={collision avoidance;greedy algorithms;motion control;multi-robot systems;travelling salesman problems;cardinality matching problem;collision avoidance constraint;geometric constraint;greedy algorithm;industrial laser drilling system;multiple robots;ordering problem approach;parallel processing;path planning problem;planar point set coverage;splitting problem approach;traveling salesman problem; $K$-traveling salesman problem (K-TSP);matching;multiple-robot systems;point set coverage},
doi={10.1109/TASE.2008.2010407},
ISSN={1545-5955},}

%related work------------------------------------------------------------------------------------------------------
@ARTICLE{sim,
author={Donghyun Kim and Uma, R.N. and Abay, B.H. and Weili Wu and Wei Wang and Tokuta, AO.},
journal={Mobile Computing, IEEE Transactions on},
title={Minimum Latency Multiple Data MULE Trajectory Planning in Wireless Sensor Networks},
year={2014},
month={April},
volume={13},
number={4},
pages={838-851},
keywords={approximation theory;telecommunication network routing;travelling salesman problems;wireless sensor networks;NP-hard;constant factor approximation algorithms;data collection latency;heuristic algorithms;k-rooted path cover problem;k-traveling salesperson problem;minimum latency multiple data MULE trajectory planning;optimal trajectories;wireless sensor networks;Approximation algorithms;Approximation methods;Polynomials;Robot sensing systems;Trajectory;Wireless communication;Wireless sensor networks;Wireless sensor network;approximation algorithm;data mules;traveling salesperson problem with neighborhood},
doi={10.1109/TMC.2013.69},
ISSN={1536-1233},}

@article{supportSim,
 author = {Even, G. and Garg, N. and K\"{o}Nemann, J. and Ravi, R. and Sinha, A.},
 title = {Min-max Tree Covers of Graphs},
 journal = {Oper. Res. Lett.},
 issue_date = {July, 2004},
 volume = {32},
 number = {4},
 month = jul,
 year = {2004},
 issn = {0167-6377},
 pages = {309--315},
 numpages = {7},
 url = {http://dx.doi.org/10.1016/j.orl.2003.11.010},
 doi = {10.1016/j.orl.2003.11.010},
 acmid = {2309194},
 publisher = {Elsevier Science Publishers B. V.},
 address = {Amsterdam, The Netherlands, The Netherlands},
 keywords = {Approximation algorithms, Clustering, Graphs, Location routing},
}

@inproceedings{sim2,
  author = {Senturk, Izzet F. and Akkaya, Kemal},
  biburl = {http://www.bibsonomy.org/bibtex/265ce78cba15998147d9cba8440e88e14/dblp},
  booktitle = {ADHOCNETS},
  isbn = {978-3-319-04104-9},
  keywords = {dblp},
  pages = {15-31},
  publisher = {Springer},
  series = {Lecture Notes of the Institute for Computer Sciences, Social Informatics and Telecommunications Engineering},
  title = {Mobile Data Collector Assignment and Scheduling for Minimizing Data Delay in Partitioned Wireless Sensor Networks.},
  url = {http://dblp.uni-trier.de/db/conf/adhocnets/adhocnets2013.html#SenturkA13},
  volume = 129,
  year = 2013
}

@INPROCEEDINGS{sim3,
author={Senturk, IF. and Akkaya, K. and Senel, F. and Younis, M.},
booktitle={Communications (ICC), 2013 IEEE International Conference on},
title={Connectivity restoration in disjoint wireless sensor networks using limited number of mobile relays},
year={2013},
month={June},
pages={1630-1634},
keywords={mobile communication;relays;trees (mathematics);wireless sensor networks;Steiner minimum tree heuristic;connectivity restoration;disjoint wireless sensor networks;iterative procedure;mobile data collector;mobile relays;Clustering algorithms;Mobile communication;Mobile computing;Partitioning algorithms;Relays;Topology;Wireless sensor networks},
doi={10.1109/ICC.2013.6654749},
ISSN={1550-3607},}

@INPROCEEDINGS{sim4,
author={Ming Ma and Yuanyuan Yang},
booktitle={Parallel and Distributed Processing, 2008. IPDPS 2008. IEEE International Symposium on},
title={Data gathering in wireless sensor networks with mobile collectors},
year={2008},
month={April},
pages={1-9},
keywords={approximation theory;integer programming;minimisation;mobile radio;telecommunication network reliability;wireless sensor networks;M-collector;covering line approximation algorithm;data gathering mechanism;heuristic tour-planning algorithm;large scale homogeneous network;mixed integer programming;mobile data collector;network lifetime;single-hop data gathering scheme;static data sink;wireless sensor network;Approximation algorithms;Base stations;Battery powered vehicles;Heuristic algorithms;Large-scale systems;Mobile robots;Relays;Time factors;Transceivers;Wireless sensor networks;Data gathering;M-collector;Mobile data collector;Movement planning;Wireless sensor networks},
doi={10.1109/IPDPS.2008.4536269},
ISSN={1530-2075},}

@inproceedings{rendezvous,
 author = {Xing, Guoliang and Wang, Tian and Jia, Weijia and Li, Minming},
 title = {Rendezvous Design Algorithms for Wireless Sensor Networks with a Mobile Base Station},
 booktitle = {Proceedings of the 9th ACM International Symposium on Mobile Ad Hoc Networking and Computing},
 series = {MobiHoc '08},
 year = {2008},
 isbn = {978-1-60558-073-9},
 location = {Hong Kong, Hong Kong, China},
 pages = {231--240},
 numpages = {10},
 url = {http://doi.acm.org/10.1145/1374618.1374650},
 doi = {10.1145/1374618.1374650},
 acmid = {1374650},
 publisher = {ACM},
 address = {New York, NY, USA},
 keywords = {controlled mobility, energy efficiency, real-time systems, sensor networks},
} 
%----------------------------------------------------------------------------------------------

@article{dms,
 author = {Sugihara, Ryo and Gupta, Rajesh K.},
 title = {Speed Control and Scheduling of Data Mules in Sensor Networks},
 journal = {ACM Trans. Sen. Netw.},
 issue_date = {August 2010},
 volume = {7},
 number = {1},
 month = aug,
 year = {2010},
 issn = {1550-4859},
 pages = {4:1--4:29},
 articleno = {4},
 numpages = {29},
 url = {http://doi.acm.org/10.1145/1806895.1806899},
 doi = {10.1145/1806895.1806899},
 acmid = {1806899},
 publisher = {ACM},
 address = {New York, NY, USA},
 keywords = {Controlled mobility, linear programming, motion planning, scheduling, simulation},
} 

%Disc cover-------------------------------------------------------------------------------------------

@incollection{gmdc,
year={2013},
isbn={978-3-642-35451-9},
booktitle={Advances in Intelligent Systems and Applications - Volume 1},
volume={20},
series={Smart Innovation, Systems and Technologies},
editor={Chang, Ruay-Shiung and Jain, Lakhmi C. and Peng, Sheng-Lung},
doi={10.1007/978-3-642-35452-6_18},
title={A Novel Approximation Algorithm for Minimum Geometric Disk Cover Problem with Hexagon Tessellation},
url={http://dx.doi.org/10.1007/978-3-642-35452-6_18},
publisher={Springer Berlin Heidelberg},
keywords={Minimum Geometric Disk Cover Problem; Hexagon Tessellation; Relay Node Placement Problems; Wireless Sensor Networks},
author={Chang, Chi-Yu and Chen, Chi-Chang and Liu, Cheng-Chun},
pages={157-166},
language={English}
}

@incollection{dudc,
year={2011},
isbn={978-3-642-19093-3},
booktitle={WALCOM: Algorithms and Computation},
volume={6552},
series={Lecture Notes in Computer Science},
editor={Katoh, Naoki and Kumar, Amit},
doi={10.1007/978-3-642-19094-0_16},
title={On the Discrete Unit Disk Cover Problem},
url={http://dx.doi.org/10.1007/978-3-642-19094-0_16},
publisher={Springer Berlin Heidelberg},
author={Das, GautamK. and Fraser, Robert and Lòpez-Ortiz, Alejandro and Nickerson, BradfordG.},
pages={146-157},
language={English}
}

@article{shifting,
 author = {Hochbaum, Dorit S. and Maass, Wolfgang},
 title = {Approximation Schemes for Covering and Packing Problems in Image Processing and VLSI},
 journal = {J. ACM},
 issue_date = {Jan. 1985},
 volume = {32},
 number = {1},
 month = jan,
 year = {1985},
 issn = {0004-5411},
 pages = {130--136},
 numpages = {7},
 url = {http://doi.acm.org/10.1145/2455.214106},
 doi = {10.1145/2455.214106},
 acmid = {214106},
 publisher = {ACM},
 address = {New York, NY, USA},
} 

@article{jgreedy,
     jstor_articletype = {research-article},
     title = {A Greedy Heuristic for the Set-Covering Problem},
     author = {Chvatal, V.},
     journal = {Mathematics of Operations Research},
     jstor_issuetitle = {},
     volume = {4},
     number = {3},
     jstor_formatteddate = {Aug., 1979},
     pages = {pp. 233-235},
     url = {http://www.jstor.org/stable/3689577},
     ISSN = {0364765X},
     abstract = {Let A be a binary matrix of size m × n, let <tex-math>$c^{T}$</tex-math> be a positive row vector of length n and let e be the column vector, all of whose m components are ones. The set-covering problem is to minimize c<sup>T</sup>x subject to Ax ≥ e and x binary. We compare the value of the objective function at a feasible solution found by a simple greedy heuristic to the true optimum. It turns out that the ratio between the two grows at most logarithmically in the largest column sum of A. When all the components of <tex-math>$c^{T}$</tex-math> are the same, our result reduces to a theorem established previously by Johnson and Lovasz.},
     language = {English},
     year = {1979},
     publisher = {INFORMS},
     copyright = {Copyright © 1979 INFORMS},
    }

@article{hex,
title = "A Geometric Tiling Algorithm for Wireless Sensor Networks",
publisher = "",
author = "Martinez, Adam and Norfolk, Timothy and Liszka, Kathy ",
year = "2012",
url={http://worldcomp-proceedings.com/proc/p2012/ICW3881.pdf}
}

%-----------------------------------------------------------------------------------------------------------------------------

%future work references---------------------------------------------------------------------------
@incollection{oaest99,
year={1999},
isbn={978-3-540-66227-3},
booktitle={Algorithm Engineering and Experimentation},
volume={1619},
series={Lecture Notes in Computer Science},
editor={Goodrich, MichaelT. and McGeoch, CatherineC.},
doi={10.1007/3-540-48518-X_17},
title={Obstacle-Avoiding Euclidean Steiner Trees in the Plane: An Exact Algorithm},
url={http://dx.doi.org/10.1007/3-540-48518-X_17},
publisher={Springer Berlin Heidelberg},
author={Zachariasen, Martin and Winter, Pawel},
pages={286-299},
language={English}
}

@article{oatsp,
 author = {Abrahamson, Jeff and Shokoufandeh, Ali and Winter, Pawel},
 title = {Euclidean TSP Between Two Nested Convex Obstacles},
 journal = {Inf. Process. Lett.},
 issue_date = {31 July 2005},
 volume = {95},
 number = {2},
 month = jul,
 year = {2005},
 issn = {0020-0190},
 pages = {370--375},
 numpages = {6},
 url = {http://dx.doi.org/10.1016/j.ipl.2005.04.002},
 doi = {10.1016/j.ipl.2005.04.002},
 acmid = {1090379},
 publisher = {Elsevier North-Holland, Inc.},
 address = {Amsterdam, The Netherlands, The Netherlands},
 keywords = {computational geometry, convex analysis, network flow, traveling salesman problem},
}

@INPROCEEDINGS{conHull,
author={Xu, Ronghua and Dai, Hongjun and Wang, FengYu and Jia, Zhiping},
booktitle={High Performance Computing and Communications 2013 IEEE International Conference on Embedded and Ubiquitous Computing (HPCC EUC), 2013 IEEE 10th International Conference on},
title={A Convex Hull Based Optimization to Reduce the Data Delivery Latency of the Mobile Elements in Wireless Sensor Networks},
year={2013},
month={Nov},
pages={2245-2252},
keywords={Data collection;Heuristic algorithms;Mobile computing;Optimization;Schedules;Velocity control;Wireless sensor networks},
doi={10.1109/HPCC.and.EUC.2013.322},}

%--------------------------------------------------------------------------------------------------------------------------------

@article{
sugihara2011,
 author = {Sugihara, Ryo and Gupta, Rajesh K.},
 title = {Path Planning of Data Mules in Sensor Networks},
 journal = {ACM Trans. Sen. Netw.},
 issue_date = {August 2011},
 volume = {8},
 number = {1},
 month = aug,
 year = {2011},
 issn = {1550-4859},
 pages = {1:1--1:27},
 articleno = {1},
 numpages = {27},
 url = {http://doi.acm.org/10.1145/1993042.1993043},
 doi = {10.1145/1993042.1993043},
 acmid = {1993043},
 publisher = {ACM},
 address = {New York, NY, USA},
 keywords = {Controlled mobility, approximation algorithm, integer programming, semionline algorithm, simulation},
}

%geosteiner-----------------------------------------------------------------------------------------------------

@phdthesis{geosteiner1,
 author = {Warme, David Michael},
 advisor = {Salowe, Jeffrey S.},
 title = {Spanning Trees in Hypergraphs with Applications to Steiner Trees},
 year = {1998},
 isbn = {0-591-94354-9},
 note = {AAI9840474},
 publisher = {University of Virginia},
 address = {Charlottesville, VA, USA},
}

@article {geosteiner2,
author = {Winter, Pawel and Zachariasen, Martin},
title = {Euclidean Steiner minimum trees: An improved exact algorithm},
journal = {Networks},
volume = {30},
number = {3},
publisher = {Wiley Subscription Services, Inc., A Wiley Company},
issn = {1097-0037},
url = {http://dx.doi.org/10.1002/(SICI)1097-0037(199710)30:3<149::AID-NET1>3.0.CO;2-L},
doi = {10.1002/(SICI)1097-0037(199710)30:3<149::AID-NET1>3.0.CO;2-L},
pages = {149--166},
year = {1997},
}

@article{geosteiner3,
title = "Rectilinear Full Steiner Tree Generation",
publisher = "John Wiley",
author = "Martin Zachariasen",
year = "1999",
volume = "33",
number = "2",
pages = "125--143",
journal = "NETWORKS",
}

%--------------------------------------------------------------------------------------------------------------------------------------

@techreport{christofides,
  added-at = {2008-01-10T17:04:02.000+0100},
  author = {Christofides, Nicos},
  biburl = {http://www.bibsonomy.org/bibtex/2107ce5afe4cdd886e5cf863b16533205/jvrb_regulski},
  institution = {Graduate School of Industrial Administration, Carnegie Mellon University},
  interhash = {17c4f6224da4a8ead47972fd788d7556},
  intrahash = {107ce5afe4cdd886e5cf863b16533205},
  keywords = {3(2006)12},
  number = 388,
  timestamp = {2008-01-10T17:04:02.000+0100},
  title = {Worst-case analysis of a new heuristic for the travelling salesman problem},
  type = {Technical Report},
  year = 1976
}

%Experiment setup--------------------------------------------------------------------------------
@article{terada,
title = "Application of ZigBee sensor network to data acquisition and monitoring",
publisher = "",
author = "Mitsugu Terada",
year = "2009",
volume = "9",
number = "6",
pages = "2-3",
journal = "MEASUREMENT SCIENCE REVIEW",
}

@INPROCEEDINGS{zigbee,
author={Pinedo-Frausto, E.D. and Garcia-Macias, J.A},
booktitle={Local Computer Networks, 2008. LCN 2008. 33rd IEEE Conference on},
title={An experimental analysis of Zigbee networks},
year={2008},
month={Oct},
pages={723-729},
keywords={personal area networks;IEEE 802.15.4;Zigbee networks;experimental analysis;Application software;Batteries;Computational modeling;Computer science;Government;Hardware;Home automation;Software performance;Testing;ZigBee;IEEE 802.15.4;ZigBee;ZigBee Alliance},
doi={10.1109/LCN.2008.4664272},}

@article{muleSpeed,
  author = {Sugihara, Ryo},
  title = {Controlled mobility in sensor networks},
  journal = {},
  year = {2009},
  volume = {},
  pages = {}
  url={https://escholarship.org/uc/item/95j2p3m0}
}
%----------------------------------------------------------------------------